@article{RamanNath,
  author = {C.V. Raman and N.S. Nagendra Nath},
  journal = {Proc. Indian Acad Sci},
  number = {2},
  title = {The Diffraction of Light by Sound Waves of 
  High Frequency: Part II},
  volume = {3},
  year = {1935}
}

@article{DebyeSears,
  author = {P. Debye and F.W. Sears},
  journal = {National Academy of Sciences},
  number = {6},
  title = {On Scattering of Light by Supersonic Waves},
  volume = {6},
  year = {1932}
}

@article{PierceByer,
  author = {D.T. Pierce and R.L. Byer},
  journal = {AJP},
  number = {},
  title = {Experiments on the Interaction of Light 
  and Sound for Advanced Laboratory},
  volume = {41},
  year = {1972}
}

@article{Brillouin,
  author = {Leon Brillouin},
  journal = {Annales de Physique},
  number = {17},
  title = {Diffusion de la lumière et des rayons X par un corps transparent homogène},
  volume = {9},
  year = {1922}
}

@phdthesis{Aggarwal,
  author = {Ram Ratan Aggarwal},
  school = {Delhi},
  title = {Diffraction of light by Ultrasonic Waves},
  year = {1950}
}

@article{Gao,
  author = {Jing Gao, Guang Han and Jianzhuo Zhu},
  journal = {Optica Applicata},
  number = {3},
  title = {Research on the characteristics of Klein-Cook parameter and diffraction efficiency of acousto-optic 
  interaction for low-frequency ultrasonic in the liquid},
  volume = {51},
  year = {2021}
}

@article{GaoOuyang,
  author = {Hua Gao, Min Ouyang, Yu Wang, Yan Shen, Jing Zhou, Dahe Liu},
  journal = {Optik},
  number = {118},
  title = {Analysis on diffraction properties of the transmission phase grating},
  volume = {},
  year = {2007}
}

@article{Kotov,
  author = {V.M. Kotov, S.V. Averin, A.I. Voronko et. al.},
  journal = {Quantum Electronics},
  number = {10},
  title = {Acousto-optic diffraction of multicolour Ar-laser radiation in crystalline quartz},
  volume = {45},
  year = {2015}
}

@article{Kwiek,
  author = {P. Kwiek, W. Molkenstruck, R. Reibold},
  journal = {Ultrasonics},
  number = {},
  title = {Determination of the Klein-Cook parameter in ultrasound light diffraction},
  volume = {34},
  year = {1996}
}

@article{Zakharov,
  author = {A.V. Zakharov, N.V. Polikarpova and V.B. Voloshinov},
  journal = {Bulletin of the Russian Academy of Sciences},
  number = {12},
  title = {The Klein-Cook Parameter in Analyzing Acousto-Optic Interaction in Acoustically Anisotropic Media},
  volume = {78},
  year = {2014}
}