@article{Massari_2019,
   title={Origin of the system of globular clusters in the Milky Way},
   volume={630},
   ISSN={1432-0746},
   url={http://dx.doi.org/10.1051/0004-6361/201936135},
   DOI={10.1051/0004-6361/201936135},
   journal={Astronomy &amp; Astrophysics},
   publisher={EDP Sciences},
   author={Massari, D. and Koppelman, H. H. and Helmi, A.},
   year={2019},
   month=sep, pages={L4} }

@article{Martig_2021,
   title={NGC 5746: Formation history of a massive disc-dominated galaxy},
   volume={508},
   ISSN={1365-2966},
   url={http://dx.doi.org/10.1093/mnras/stab2729},
   DOI={10.1093/mnras/stab2729},
   number={2},
   journal={Monthly Notices of the Royal Astronomical Society},
   publisher={Oxford University Press (OUP)},
   author={Martig, Marie and Pinna, Francesca and Falcón-Barroso, Jesús and Gadotti, Dimitri A and Husemann, Bernd and Minchev, Ivan and Neumann, Justus and Ruiz-Lara, Tomás and van de Ven, Glenn},
   year={2021},
   month=sep, pages={2458–2478} }

@article{Blom_2014,
   title={The SLUGGS Survey: new evidence for a tidal interaction between the early-type galaxies NGC 4365 and NGC 4342},
   volume={439},
   ISSN={0035-8711},
   url={http://dx.doi.org/10.1093/mnras/stu095},
   DOI={10.1093/mnras/stu095},
   number={3},
   journal={Monthly Notices of the Royal Astronomical Society},
   publisher={Oxford University Press (OUP)},
   author={Blom, Christina and Forbes, Duncan A. and Foster, Caroline and Romanowsky, A. J. and Brodie, Jean P.},
   year={2014},
   month=feb, pages={2420–2431} }

@article{Crocker_2010,
   title={Molecular gas and star formation in early-type galaxies: Molecular gas and star formation in E/S0s},
   volume={410},
   ISSN={0035-8711},
   url={http://dx.doi.org/10.1111/j.1365-2966.2010.17537.x},
   DOI={10.1111/j.1365-2966.2010.17537.x},
   number={2},
   journal={Monthly Notices of the Royal Astronomical Society},
   publisher={Oxford University Press (OUP)},
   author={Crocker, Alison F. and Bureau, Martin and Young, Lisa M. and Combes, Francoise},
   year={2010},
   month=oct, pages={1197–1222} }

@article{Shen_2020,
   title={The bar and spiral arms in the Milky Way: structure and kinematics},
   volume={20},
   ISSN={1674-4527},
   url={http://dx.doi.org/10.1088/1674-4527/20/10/159},
   DOI={10.1088/1674-4527/20/10/159},
   number={10},
   journal={Research in Astronomy and Astrophysics},
   publisher={IOP Publishing},
   author={Shen, Juntai and Zheng, Xing-Wu},
   year={2020},
   month=oct, pages={159} }

@article{Renaud_2016,
   title={The origin of the Milky Way globular clusters},
   volume={465},
   ISSN={1365-2966},
   url={http://dx.doi.org/10.1093/mnras/stw2969},
   DOI={10.1093/mnras/stw2969},
   number={3},
   journal={Monthly Notices of the Royal Astronomical Society},
   publisher={Oxford University Press (OUP)},
   author={Renaud, Florent and Agertz, Oscar and Gieles, Mark},
   year={2016},
   month=nov, pages={3622–3636} }

@article{VandenBerg_2013,
title={THE AGES OF 55 GLOBULAR CLUSTERS AS DETERMINED USING AN IMPROVED $\Delta V^{\rm HB}_{\rm TO}$ METHOD ALONG WITH COLOR-MAGNITUDE DIAGRAM CONSTRAINTS, AND THEIR IMPLICATIONS FOR BROADER ISSUES},
volume={775},
ISSN={1538-4357},
url={http://dx.doi.org/10.1088/0004-637X/775/2/134},
DOI={10.1088/0004-637x/775/2/134},
number={2},
journal={The Astrophysical Journal},
publisher={American Astronomical Society},
author={VandenBerg, Don A. and Brogaard, K. and Leaman, R. and Casagrande, L.},
year={2013},
month=sep, pages={134} }

@article{Yu_2017,
   title={The age–velocity dispersion relation of the Galactic discs from LAMOST–Gaia data},
   volume={475},
   ISSN={1365-2966},
   url={http://dx.doi.org/10.1093/mnras/stx3204},
   DOI={10.1093/mnras/stx3204},
   number={1},
   journal={Monthly Notices of the Royal Astronomical Society},
   publisher={Oxford University Press (OUP)},
   author={Yu, Jincheng and Liu, Chao},
   year={2017},
   month=dec, pages={1093–1103} }

@article{Fatheddin_2023,
   title={A Statistical Relation between Mass, Age, and Velocity Dispersion in the Solar Neighborhood*},
   volume={945},
   ISSN={1538-4357},
   url={http://dx.doi.org/10.3847/1538-4357/acb548},
   DOI={10.3847/1538-4357/acb548},
   number={1},
   journal={The Astrophysical Journal},
   publisher={American Astronomical Society},
   author={Fatheddin, Hossein and Sajadian, Sedighe},
   year={2023},
   month=mar, pages={75} }

@article{Gebhardt_1999,
   title={Globular Cluster Systems. I. [ITAL]V[/ITAL]−[ITAL]I[/ITAL] Color Distributions},
   volume={118},
   ISSN={0004-6256},
   url={http://dx.doi.org/10.1086/301059},
   DOI={10.1086/301059},
   number={4},
   journal={The Astronomical Journal},
   publisher={American Astronomical Society},
   author={Gebhardt, Karl and Kissler-Patig, Markus},
   year={1999},
   month=oct, pages={1526–1541} }




@misc{belokurov2023insituvsaccretedmilky,
      title={In-situ vs accreted Milky Way globular clusters: a new classification method and implications for cluster formation}, 
      author={Vasily Belokurov and Andrey Kravtsov},
      year={2023},
      eprint={2309.15902},
      archivePrefix={arXiv},
      primaryClass={astro-ph.GA},
      url={https://arxiv.org/abs/2309.15902}, 
}

@misc{shimoda2023historymilkywayevolution,
      title={The History of The Milky Way: The Evolution of Star Formation, Cosmic Rays, Metallicity, and Stellar Dynamics over Cosmic Time}, 
      author={Jiro Shimoda and Shu-ichiro Inutsuka and Masahiro Nagashima},
      year={2023},
      eprint={2306.16887},
      archivePrefix={arXiv},
      primaryClass={astro-ph.GA},
      url={https://arxiv.org/abs/2306.16887}, 
}

@misc{collazos2023galacticarchaeologytracingmilky,
      title={Galactic Archaeology: Tracing the Milky Way's Formation and Evolution through Stellar Populations}, 
      author={J. Alfredo Collazos},
      year={2023},
      eprint={2308.08492},
      archivePrefix={arXiv},
      primaryClass={astro-ph.GA},
      url={https://arxiv.org/abs/2308.08492}, 
}

@misc{korchagin2019spiralstructuremilkyway,
      title={Spiral structure of the Milky Way galaxy: observations and theoretical predictions}, 
      author={V. I. Korchagin and S. S. Khrapov and A. V. Khoperskov},
      year={2019},
      eprint={1912.07520},
      archivePrefix={arXiv},
      primaryClass={astro-ph.GA},
      url={https://arxiv.org/abs/1912.07520}, 
}

@misc{harris2010newcatalogglobularclusters,
      title={A New Catalog of Globular Clusters in the Milky Way}, 
      author={William E. Harris},
      year={2010},
      eprint={1012.3224},
      archivePrefix={arXiv},
      primaryClass={astro-ph.GA},
      url={https://arxiv.org/abs/1012.3224}, 
}